
<record>
  <controlfield tag="001">362587</controlfield>
  <datafield tag="035" ind1=" " ind2=" ">
    <subfield code="a">Gomez:1993hc</subfield>
    <subfield code="9">SPIRESTeX</subfield>
  </datafield>
  <datafield tag="037" ind1=" " ind2=" ">
    <subfield code="a">FERMILAB-PROPOSAL-0823</subfield>
  </datafield>
  <datafield tag="245" ind1=" " ind2=" ">
    <subfield code="a">E823 (D0 upgrade): Magnetic tracking</subfield>
  </datafield>
  <datafield tag="710" ind1=" " ind2=" ">
    <subfield code="g">D0</subfield>
  </datafield>
</record>